@book{awkbook,
    author={Alfred V. Aho and Brian W. Kernighan and Peter J. Weinberger},
    title={The AWK Programming Language},
    year={1988},
    publisher={Addison-Wesley Publishing Company},
}
@article{awk1979,
    author={Alfred V. Aho and Brian W. Kernighan and Peter J. Weinberger},
    title={Awk â€” A Pattern Scanning and Processing Language},
    year={1979},
    journal={Software Practice and Experience},
}
@misc{clihadoop,
    title={Command-line Tools can be 235x Faster than your Hadoop Cluster},
    author={Adam Drake},
    howpublished={\url{https://adamdrake.com/command-line-tools-can-be-235x-faster-than-your-hadoop-cluster.html}},
}
