@article{pubmed,
    author={Arnold, Arthur P},
    volume={28},
    number={2},
    year={2012},
    title={The end of gonad-centric sex determination in mammals.},
    pages={55--61},
    journal={Trends in genetics : TIG},
    doi={10.1016/j.tig.2011.10.004},
}
