@article{pubmed,
    author={Holland, A J and Sicotte, N and Treasure, J},
    volume={32},
    number={6},
    year={1988},
    title={Anorexia nervosa: evidence for a genetic basis.},
    pages={561--71},
    journal={Journal of psychosomatic research},
    doi={10.1016/0022-3999(88)90004-9},
}
